%   ****************************************
%   * File: SAMPLE.BIB                     *
%   ****************************************
%   * An invented bib file                 *
%   * For the sample texts                 *
%   * The order is unimportant and there   *
%   * may be more entries than references  *
%   * in the text                          *
%   ****************************************
% 
@article{hinton2006fast,
	title={A fast learning algorithm for deep belief nets},
	author={Hinton, Geoffrey E and Osindero, Simon and Teh, Yee-Whye},
	journal={Neural computation},
	volume={18},
	number={7},
	pages={1527--1554},
	year={2006},
	publisher={MIT Press}
}
@article{ferrucci2010building,
	title={Building Watson: An overview of the DeepQA project},
	author={Ferrucci, David and Brown, Eric and Chu-Carroll, Jennifer and Fan, James and Gondek, David and Kalyanpur, Aditya A and Lally, Adam and Murdock, J William and Nyberg, Eric and Prager, John and others},
	journal={AI magazine},
	volume={31},
	number={3},
	pages={59--79},
	year={2010},
	publisher={AAAI}
}
@article{buolamwini2018gender,
	title={Gender Shades: Intersectional Accuracy Disparities in Commercial Gender Classification},
	author={Buolamwini, Joy and Gebru, Timnit},
	journal={Proceedings of Machine Learning Research},
	volume={81},
	pages={1--15},
	year={2018}
}
@article{hitaj2017deep,
	title={Deep Models Under the GAN: Information Leakage from Collaborative Deep Learning},
	author={Hitaj, Briland and Ateniese, Giuseppe and Perez-Cruz, Fernando},
	journal={Proceedings of the 2017 ACM SIGSAC Conference on Computer and Communications Security},
	pages={603--618},
	year={2017},
	publisher={ACM}
}
@inproceedings{shokri2017membership,
	title={Membership Inference Attacks Against Machine Learning Models},
	author={Shokri, Reza and Stronati, Marco and Song, Cong and Shmatikov, Vitaly},
	booktitle={2017 IEEE Symposium on Security and Privacy (SP)},
	pages={3--18},
	year={2017},
	organization={IEEE}
}
@article{obermeyer2019dissecting,
	title={Dissecting racial bias in an algorithm used to manage the health of populations},
	author={Obermeyer, Ziad and Powers, Brian and Vogeli, Christine and Mullainathan, Sendhil},
	journal={Science},
	volume={366},
	number={6464},
	pages={447--453},
	year={2019},
	publisher={American Association for the Advancement of Science}
}
@article{caliskan2017semantics,
	title={Semantics derived automatically from language corpora contain human-like biases},
	author={Caliskan, Aylin and Bryson, Joanna J and Narayanan, Arvind},
	journal={Science},
	volume={356},
	number={6334},
	pages={183--186},
	year={2017},
	publisher={American Association for the Advancement of Science}
}
@article{mcculloch1943logical,
	title={A logical calculus of the ideas immanent in nervous activity},
	author={McCulloch, Warren S and Pitts, Walter},
	journal={The bulletin of mathematical biophysics},
	volume={5},
	number={4},
	pages={115--133},
	year={1943},
	publisher={Springer}
}
@article{rosenblatt1958perceptron,
	title={The perceptron: A probabilistic model for information storage and organization in the brain},
	author={Rosenblatt, Frank},
	journal={Psychological Review},
	volume={65},
	number={6},
	pages={386--408},
	year={1958},
	publisher={American Psychological Association}
}
@book{hennessy2017computer,
	title={Computer Architecture: A Quantitative Approach},
	author={Hennessy, John L. and Patterson, David A.},
	edition={6},
	publisher={Morgan Kaufmann},
	year={2017}
}
@techreport{asanovic2006landscape,
	title={The Landscape of Parallel Computing Research: A View from Berkeley},
	author={Asanovic, Krste and Bodik, Ras and Catanzaro, Bryan Christopher and Gebis, Joseph James and Husbands, Parry and Keutzer, Kurt and Patterson, David A. and Plishker, William Lester and Shalf, John and Williams, Samuel Webb and Yelick, Katherine A.},
	institution={Technical Report No. UCB/EECS-2006-183, EECS Department, University of California, Berkeley},
	year={2006}
}
@inproceedings{borkar2007thousand,
	title={Thousand Core Chips: A Technology Perspective},
	author={Borkar, Shekhar and Chien, Andrew A.},
	booktitle={Proceedings of the 44th Annual Design Automation Conference},
	pages={746--749},
	year={2007},
	organization={ACM}
}
@inproceedings{chilimbi2014project,
	title={Project Adam: Building an Efficient and Scalable Deep Learning Training System},
	author={Chilimbi, Trishul and Suzue, Yutaka and Apacible, Johnson and Kalyanaraman, Karthik},
	booktitle={11th USENIX Symposium on Operating Systems Design and Implementation (OSDI 14)},
	pages={571--582},
	year={2014}
}
@article{ben2019demystifying,
	title={Demystifying Parallel and Distributed Deep Learning: An In-Depth Concurrency Analysis},
	author={Ben-Nun, Tal and Hoefler, Torsten},
	journal={ACM Computing Surveys (CSUR)},
	volume={52},
	number={4},
	pages={1--43},
	year={2019},
	publisher={ACM}
}
@book{pacheco2011introduction,
	title={An Introduction to Parallel Programming},
	author={Pacheco, Peter},
	year={2011},
	publisher={Elsevier}
}
@article{foster1995designing,
	title={Designing and Building Parallel Programs: Concepts and Tools for Parallel Software Engineering},
	author={Foster, Ian},
	year={1995},
	journal={Addison-Wesley}
}
@inproceedings{goldberg1991every,
	title={Every Computer Floating-Point Arithmetic Should Implement},
	author={Goldberg, David},
	booktitle={Proceedings of the 10th symposium on Computer arithmetic},
	pages={2--14},
	year={1991},
	organization={IEEE Computer Society Press}
}
@article{aspray1996historical,
	title={A Historical Reflection on the Future},
	author={Aspray, William},
	journal={Annals of the History of Computing, IEEE},
	volume={18},
	number={2},
	pages={48--56},
	year={1996},
	publisher={IEEE}
}
@article{swanson2007increasing,
	title={Increasing the instruction fetch rate via multiple branch prediction and a branch address cache},
	author={Swanson, Steven and Michelson, Ken and Oskin, Michael},
	journal={ACM SIGARCH Computer Architecture News},
	volume={35},
	number={1},
	pages={241--252},
	year={2007},
	publisher={ACM}
}
@book{kahan1987branch,
	title={Branch Cuts for Complex Elementary Functions, or Much Ado About Nothing's Sign Bit},
	author={Kahan, W.},
	year={1987},
	publisher={Springer}
}
@techreport{overton1997numerical,
	title={Numerical computing with IEEE floating-point arithmetic: Including one theorem, one rule of thumb, and one hundred and one exercises},
	author={Overton, Michael L},
	year={1997},
	publisher={SIAM}
}
@inproceedings{bailey1996high,
	title={High-Performance Floating-Point Arithmetic on FPGAs},
	author={Bailey, David and Barszcz, Eric},
	booktitle={International Conference on Application-Specific Systems, Architectures and Processors},
	pages={155--166},
	year={1996},
	organization={IEEE}
}
@inproceedings{nickolls2010gpu,
	title={GPU Computing},
	author={Nickolls, John and Buck, Ian and Garland, Michael and Skadron, Kevin},
	journal={Proceedings of the IEEE},
	volume={96},
	number={5},
	pages={879--899},
	year={2010},
	publisher={IEEE}
}
@inproceedings{owens2007survey,
	title={A survey of general-purpose computation on graphics hardware},
	author={Owens, John D and Luebke, David and Govindaraju, Naga and Harris, Mark and Kr{\"u}ger, Jens and Lefohn, Aaron E and Purcell, Timothy J},
	journal={Computer Graphics Forum},
	volume={26},
	number={1},
	pages={80--113},
	year={2007},
	organization={Wiley Online Library}
}
@article{asano2009performance,
	title={Performance Comparison of FPGA, GPU and CPU in Image Processing},
	author={Asano, Shogo and Maruyama, Tsutomu and Yamaguchi, Yoshiki},
	journal={2009 International Conference on Field Programmable Logic and Applications},
	pages={126--131},
	year={2009},
	publisher={IEEE}
}
@book{bishop2006pattern,
	title={Pattern Recognition and Machine Learning},
	author={Bishop, Christopher M.},
	year={2006},
	publisher={Springer}
}
@book{goodfellow2016deep,
	title={Deep Learning},
	author={Goodfellow, Ian and Bengio, Yoshua and Courville, Aaron},
	publisher={MIT Press},
	year={2016}
}

@book{bostrom2014superintelligence,
	title={Superintelligence: Paths, Dangers, Strategies},
	author={Bostrom, Nick},
	publisher={Oxford University Press},
	year={2014}
}

@book{domingos2015master,
	title={The Master Algorithm: How the Quest for the Ultimate Learning Machine Will Remake Our World},
	author={Domingos, Pedro},
	publisher={Basic Books},
	year={2015}
}

@article{lecun2015deep,
	title={Deep learning},
	author={LeCun, Yann and Bengio, Yoshua and Hinton, Geoffrey},
	journal={Nature},
	volume={521},
	number={7553},
	pages={436--444},
	year={2015},
	publisher={Nature Publishing Group}
}

@article{hassabis2017neuroscience,
	title={Neuroscience-Inspired Artificial Intelligence},
	author={Hassabis, Demis and Kumaran, Dharshan and Summerfield, Christopher and Botvinick, Matthew},
	journal={Nature},
	volume={547},
	number={7663},
	pages={268--278},
	year={2017},
	publisher={Nature Publishing Group}
}

@article{chen2017machine,
	title={Machine Learning and Prediction in Medicineâ€”Beyond the Peak of Inflated Expectations},
	author={Chen, Jonathan H and Asch, Steven M},
	journal={New England Journal of Medicine},
	volume={376},
	number={26},
	pages={2507--2509},
	year={2017},
	publisher={Mass Medical Soc}
}

@article{silver2016mastering,
	title={Mastering the game of Go with deep neural networks and tree search},
	author={Silver, David and others},
	journal={Nature},
	volume={529},
	number={7587},
	pages={484--489},
	year={2016},
	publisher={Nature Publishing Group}
}

@inproceedings{krizhevsky2012imagenet,
	title={ImageNet classification with deep convolutional neural networks},
	author={Krizhevsky, Alex and Sutskever, Ilya and Hinton, Geoffrey E},
	booktitle={Advances in neural information processing systems},
	pages={1097--1105},
	year={2012}
}
@article{bojarski2016end,
	title={End to End Learning for Self-Driving Cars},
	author={Bojarski, Mariusz and Del Testa, Davide and Dworakowski, Daniel and Firner, Bernhard and Flepp, Beat and Goyal, Prasoon and Jackel, Lawrence D. and Monfort, Mathew and Muller, Urs and Zhang, Jiakai and others},
	journal={arXiv preprint arXiv:1604.07316},
	year={2016}
}
@article{topol2019high,
	title={High-performance medicine: the convergence of human and artificial intelligence},
	author={Topol, Eric J},
	journal={Nature Medicine},
	volume={25},
	number={1},
	pages={44--56},
	year={2019},
	publisher={Nature Publishing Group}
}
@inproceedings{micikevicius2018mixed,
	title={Mixed precision training},
	author={Micikevicius, Paulius},
	booktitle={Proceedings of the International Conference on Learning Representations (ICLR)},
	year={2018},
	volume={2018}
}

